
@Book{LaTeXLamport,
  author =	 {Leslie Lamport},
  title = 	 {\LaTeX: A Document Preparation System, 2nd Edition},
  publisher = 	 {Addison-Wesley Professional},
  year = 	 1994
}

@article{BibTexOriginal,
  author =	 {Oren Patashnik},
  title =	 {{BibTeX}ing},
  month =	 feb,
  year =	 1988,
  webpage = {ftp://ftp.ctan.org/tex-archive/biblio/bibtex/contrib/doc/btxdoc.pdf},
  lastaccess = {Octubre, 2009},
}

@article{RecyclerVsLazy,
  author =	 {Muhammad Humza Khan},
  title =	 {RecyclerView vs. LazyRow/LazyColumn: Choosing the Right Layout for Dynamic Lists in Android},
  journal = 	 {Medium},
  month =	 jan,
  day = 2,
  year =	 2023,
  webpage = {https://medium.com/@humzakhalid94/recyclerview-vs-lazyrow-lazycolumn-choosing-the-right-layout-for-dynamic-lists-in-android-ec9912049375},
  lastaccess = {Mayo, 2024},
}